@preamble{ " \newcommand{\noopsort}[1]{} " }


@inproceedings{andreasstockel2018,
  location = {Denver, CO},
  title = {Nonlinear Synaptic Interaction as a Computational Resource in the {{Neural Engineering Framework}}},
  eventtitle = {Cosyne},
  booktitle = {Cosyne Abstracts},
  date = {2018},
  author = {Andreas St√∂ckel and Aaron R. Voelker and Chris Eliasmith}
}
